% This file was created with JabRef 2.9b2.
% Encoding: ISO8859_1

@inproceedings{kemerlis2006throughput,
  title={Throughput unfairness in TCP over WiFi},
  author={Kemerlis, Vasileios P and Stefanis, Eleftherios C and Xylomenos, George and Polyzos, George C},
  booktitle={WONS 2006: Third Annual Conference on Wireless On-demand Network Systems and Services},
  pages={26--31},
  year={2006}
}

@article{bianchi2000performance,
  title={Performance analysis of the IEEE 802.11 distributed coordination function},
  author={Bianchi, Giuseppe},
  journal={Selected Areas in Communications, IEEE Journal on},
  volume={18},
  number={3},
  pages={535--547},
  year={2000},
  publisher={IEEE}
}

@article{schwartz2001frequency,
  title={Frequency Hopping Spread Spectrum (FHSS) vs. Direct Sequence Spread Spectrum (DSSS) in the Broadband Wireless Access and WLAN Arenas},
  author={Schwartz, Sorin M},
  journal={white paper},
  year={2001}
}

@inproceedings{lacage2004ieee,
  title={IEEE 802.11 rate adaptation: a practical approach},
  author={Lacage, Mathieu and Manshaei, Mohammad Hossein and Turletti, Thierry},
  booktitle={Proceedings of the 7th ACM international symposium on Modeling, analysis and simulation of wireless and mobile systems},
  pages={126--134},
  year={2004},
  organization={ACM}
}

@article{crow1997ieee,
  title={IEEE 802.11 wireless local area networks},
  author={Crow, Brian P and Widjaja, Indra and Kim, Jeong Geun and Sakai, Prescott T},
  journal={Communications Magazine, IEEE},
  volume={35},
  number={9},
  pages={116--126},
  year={1997},
  publisher={IEEE}
}

@inproceedings{athanasopoulos2006evaluation,
  title={Evaluation Analysis of the Performance of IEEE 802.11 b and IEEE 802.11 g Standards},
  author={Athanasopoulos, Antonis and Topalis, Evangelos and Antonopoulos, Christos and Koubias, Stavros},
  booktitle={Networking, International Conference on Systems and International Conference on Mobile Communications and Learning Technologies, 2006. ICN/ICONS/MCL 2006. International Conference on},
  pages={141--141},
  year={2006},
  organization={IEEE}
}

@ONLINE {ns32015,
    author = "NS-3",
    title  = "What is ns-3",
    year   = "2015",
    url    = "https://www.nsnam.org/overview/what-is-ns-3/"
}

@ONLINE {ns32016,
    author = "NS-3",
    title  = "ns3::RandomDiscPositionAllocator Class Reference",
    month  = "apr",
    year   = "2016",
    url    = "https://www.nsnam.org/doxygen/classns3_1_1_random_disc_position_allocator.html"
}