% This file was created with JabRef 2.9b2.
% Encoding: ISO8859_1

@inproceedings{o2007practical,
  title={Practical signal detection and classification in gnu radio},
  author={Oâ€™shea, Timothy J and Clancy, T Charles and Ebeid, Hani J},
  booktitle={SDR Forum Technical Conference (SDR)},
  year={2007}
}

@ONLINE{ianPoole,
    author = "Ian Poole",
    title  = "What is DVB-T?",
    url    = "http://www.radio-electronics.com/info/broadcast/digital-video-broadcasting/what-is-dvb-t-basics-tutorial.php"
}

@article{riviello2013sensing,
  title={Sensing of DVB-T signals for white space cognitive radio systems},
  author={Riviello, Daniel Gaetano and Garello, Roberto and Benco, Sergio and Perotti, Alberto and Crespi, Floriana},
  year={2013},
  publisher={International Academy, Research and Industrial Association (IARIA)}
}

@ONLINE{radiotvnederland,
    author = "Radio-TV-Nederland.nl",
    title  = "List of DVB-T spectrum in Netherlands",
    url    = "http://radio-tv-nederland.nl/dvbt/digitenne-kpntv.html"
}

@ONLINE {gnuradio2016,
    author = "GNU Radio",
    title  = "GNU Radio Wiki",
    year   = "2016",
    url    = "http://gnuradio.org/redmine/projects/gnuradio/wiki"
}

@ONLINE {justinjohnson2016,
    author = "Justin Johnson",
    title  = "Python Numpy Tutorial",
    year   = "2016",
    url    = "http://cs231n.github.io/python-numpy-tutorial/"
}

@ONLINE {scipy.org2015,
    author = "SciPy.org",
    title  = "NumPy Reference",
    month  = "oct",
    year   = "2015",
    url    = "http://docs.scipy.org/doc/numpy/reference/"
}

@ONLINE {matplotlib2016,
    author = "MatplotLib",
    title  = "Plotting commands summary",
    month  = "apr",
    year   = "2016",
    url    = "http://matplotlib.org/api/pyplot_summary.html"
}

@ONLINE {alexandrucsete2011,
    author = "Alexandru Csete",
    title  = "Simple DVB with Gstreamer and GNU Radio",
    month  = "jun",
    year   = "2011",
    url    = "http://wiki.oz9aec.net/index.php/Simple_DVB_with_Gstreamer_and_GNU_Radio"
}

@ONLINE {sivantoledo2012,
    author = "Sivan Toledo",
    title  = "Transmitting (and Receiving) DVB-T on 1.2 GHz",
    month  = "dec",
    year   = "2012",
    url    = "https://sivantoledotech.wordpress.com/2012/12/01/dvbt-txrx/"
}

@ONLINE {robertelsinga2016,
    author = "Robert Elsinga",
    title  = "Scanner frequenties Nederland",
    month  = "mar",
    year   = "2016",
    url    = "http://www.pc5e.nl/downloads/scanner/Frequenties%20Nederland%20totaal%20(PDF).pdf"
}